@book{Dunbar1998,
  title={Grooming, gossip, and the evolution of language},
  author={Dunbar, Robin},
  year={1998},
  publisher={Harvard University Press}
}
@article{Clauset2004,
  title={Finding community structure in very large networks},
  author={Clauset, Aaron and Newman, Mark EJ and Moore, Cristopher},
  journal={Physical review E},
  volume={70},
  number={6},
  pages={066111},
  year={2004},
  publisher={APS}
}
@article{Christakis2007,
  title={The spread of obesity in a large social network over 32 years},
  author={Christakis, Nicholas A and Fowler, James H},
  journal={New England Journal of Medicine},
  volume={357},
  number={4},
  pages={370--379},
  year={2007}
}
@article{Centola2010,
  title={The spread of behavior in an online social network experiment},
  author={Centola, Damon},
  journal={Science},
  volume={329},
  number={5996},
  pages={1194--1197},
  year={2010},
  publisher={American Association for the Advancement of Science}
}
@book{Boyd1985,
  title={Culture and the Evolutionary Process},
  author={Boyd, Robert and Richerson, Peter},
  year={1985},
  publisher={University of Chicago Press},
  city={Chicago, IL}
}
@article{Soltis1995,
  title={Can group-functional behaviors evolve by cultural group selection?: An empirical test},
  author={Soltis, Joseph and Boyd, Robert and Richerson, Peter J},
  journal={Current anthropology},
  volume={36},
  number={3},
  pages={473--494},
  year={1995},
  publisher={University of Chicago Press}
}
@article{Henrich2003,
  title={Group report: The cultural and genetic evolution of human cooperation},
  author={Henrich, Joseph and Bowles, S and Boyd, Robert T and Hopfensitz, Astrid and Richerson, Peter J and Sigmund, Karl and Smith, Eric A and Weissing, Franz J and Young, H Peyton},
  journal={Genetic and cultural evolution of cooperation},
  pages={445--68},
  year={2003}
}
@article{Richerson2016,
  doi = {10.1017/s0140525x1400106x},
  year = {2016},
  month = oct,
  publisher = {Cambridge University Press},
  volume = {39},
  author = {Peter Richerson and Ryan Baldini and Adrian V. Bell and Kathryn Demps and Karl Frost and Vicken Hillis and Sarah Mathew and Emily K. Newton and Nicole Naar and Lesley Newson and Cody Ross and Paul E. Smaldino and Timothy M. Waring and Matthew Zefferman},
  title = {Cultural group selection plays an essential role in explaining human cooperation: A sketch of the evidence},
  journal = {Behavioral and Brain Sciences}
}
@article{Santos2006,
author = {Santos, F. C. and Rodrigues, J. F. and Pacheco, J. M.},
doi = {10.1098/rspb.2005.3272},
issn = {14712970},
journal = {Proceedings of the Royal Society B: Biological Sciences},
keywords = {Evolution of cooperation,Heterogeneous populations,Prisoner's dilemma,Scale-free graphs},
number = {1582},
pages = {51--55},
title = {{Graph topology plays a determinant role in the evolution of cooperation}},
volume = {273},
year = {2006}
}
@book{Dawkins1976,
address = {Oxford},
author = {Dawkins, Richard},
publisher = {Oxford University Press},
title = {{The Selfish Gene}},
year = {1976}
}
@article{Cohen2012,
author = {Cohen, Emma},
doi = {10.1086/667654},
issn = {0011-3204},
journal = {Current Anthropology},
number = {5},
pages = {588--616},
title = {{The Evolution of Tag-Based Cooperation in Humans: The Case for Accent}},
volume = {53},
year = {2012}
}
@article{Erdos1960,
author = {Erd{\"{o}}s, Paul and R{\'{e}}nyi, Alfred},
journal = {Publications of the Mathematical Institute of the Hungarian Academy of Sciences},
pages = {17--61},
title = {{On the Evolution of Random Graphs}},
volume = {5},
year = {1960}
}
@article{Axelrod2004,
author = {Axelrod, Robert and Hammond, Ross A and Grafen, Alan},
journal = {Evolution},
number = {8},
pages = {1833--1838},
title = {{Altruism via Kin-Selection Strategies That Rely on Arbitrary Tags with Which They Coevolve}},
volume = {58},
year = {2004}
}
@inproceedings{Salazar2011,
author = {Salazar, Norman and Rodriguez-Aguilar, Juan A. and Arcos, Josep LI. and Peleteiro, Ana and Burguillo-Rial, Juan C.},
booktitle = {The 10th International Conference on Autonomous Agents and Multiagent Systems-Volume 2},
keywords = {coalition emergence,consensus,cooperation,mas},
pages = {669--676},
title = {{Emerging cooperation on complex networks}},
url = {http://dl.acm.org/citation.cfm?id=2031713},
year = {2011}
}
@article{Spector2006,
author = {Spector, Lee and Klein, Jon},
doi = {10.1162/artl.2006.12.4.553},
issn = {10645462},
journal = {Artificial Life},
keywords = {Altruism,Computational models,Fecundity,Genetic stability,Tags,Territorial structure},
number = {4},
pages = {553--560},
title = {{Genetic stability and territorial structure facilitate the evolution of tag-mediated altruism}},
volume = {12},
year = {2006}
}
@article{Wu2005,
archivePrefix = {arXiv},
arxivId = {arXiv:physics/0508220v2},
author = {Wu, Zhi-Xi and Xu, Xin-Jian and Wang, Ying-Hai},
eprint={physics/0508220},
journal = {arXiv preprint physics},
primaryClass = {physics.soc-ph},
title = {{Does the scale-free topology favor the emergence of cooperation?}},
url = {https://arxiv.org/abs/physics/0508220},
year = {2005}
}
@article{Santos2005,
author = {Santos, F. C. and Pacheco, J. M.},
doi = {10.1103/PhysRevLett.95.098104},
issn = {00319007},
journal = {Physical Review Letters},
number = {9},
pages = {1--4},
title = {{Scale-free networks provide a unifying framework for the emergence of cooperation}},
volume = {95},
year = {2005}
}
@article{Mohtashemi2003,
author = {Mohtashemi, Mojdeh and Mui, Lik},
doi = {10.1016/S0022-5193(03)00143-7},
issn = {00225193},
journal = {Journal of Theoretical Biology},
keywords = {Collective memory,Growth,Order,Reciprocity,Reputation,Social information,Trust},
number = {4},
pages = {523--531},
title = {{Evolution of indirect reciprocity by social information: The role of trust and reputation in evolution of altruism}},
volume = {223},
year = {2003}
}
@article{Duan2005,
author = {Duan, Wenqi and Chen, Zhong and Liu, Zengrong and Jin, Wei},
doi = {10.1103/PhysRevE.72.026133},
issn = {15393755},
journal = {Physical Review E - Statistical, Nonlinear, and Soft Matter Physics},
number = {2},
pages = {1--5},
title = {{Efficient target strategies for contagion in scale-free networks}},
volume = {72},
year = {2005}
}
@article{Ito2016,
author = {Ito, Takehiro and Ogawa, Kazuhito and Suzuki, Akihiro and Takahashi, Hiromasa and Takemoto, Toru},
doi = {10.1111/geer.12077},
issn = {14680475},
journal = {German Economic Review},
keywords = {Other-regarding behavior,dictator game experiments,group decision-making,repeated decision-making,social identity},
number = {4},
pages = {425--437},
title = {{Contagion of Self-Interested Behavior: Evidence from Group Dictator Game Experiments}},
volume = {17},
year = {2016}
}
@article{Tsvetkova2014,
author = {Tsvetkova, Milena and Macy, Michael W.},
doi = {10.1371/journal.pone.0087275},
issn = {19326203},
journal = {PLoS ONE},
number = {2},
title = {{The social contagion of generosity}},
volume = {9},
year = {2014}
}
@article{Khalak2003,
author = {Khalak, Asif},
doi = {10.1002/cplx.10076},
issn = {10762787},
journal = {Complexity},
keywords = {Agent-based economics,Autonomous agents,Information contagion,Open source software},
number = {3},
pages = {45--55},
title = {{Agent-based model for economic impact of free software}},
volume = {8},
year = {2003}
}
@article{Kang2015,
author = {Kang, Ah Reum and Kim, Hana and Woo, Jiyoung and Park, Juyong and Kim, Huy Kang},
doi = {10.1109/NetGames.2014.7008967},
isbn = {9781479968824},
issn = {21568146},
journal = {Annual Workshop on Network and Systems Support for Games},
keywords = {Altruistic behavior,MMORPG,Social behavior,User behavior analysis},
number = {January},
pages = {1--6},
publisher = {IEEE},
title = {{Altruism in games: Helping others help themselves}},
volume = {2015-Janua},
year = {2015}
}
@article{Rand2015,
author = {Rand, William and Herrmann, Jeffrey and Schein, Brandon and Vodopivec, Ne{\v{z}}a},
journal = {Journal of Artificial Societies and Social Simulation},
keywords = {diffusion of information,news,social networks,twitter,urgent diffusion},
number = {2},
pages = {1--24},
title = {{An Agent-Based Model of Urgent Diffusion in Social Media}},
volume = {18},
year = {2015}
}
@article{Tang2016,
author = {Tang, Tanzhe and Ye, Hang},
doi = {10.18564/jasss.3058},
issn = {1460-7425},
journal = {Journal of Artificial Societies and Social Simulation},
keywords = {altruistic punishment,mating preference,sexual attractiveness,social dilemma},
number = {2},
title = {{The Blessing of Sexuality: Evolution of Altruism with Mating Preference}},
volume = {19},
year = {2016}
}
@article{Shutters2013,
author = {Shutters, Shade T. and Hales, David},
journal = {Journal of Artificial Societies and Social Simulation},
keywords = {chromodynamics,cooperation,evolution,green beard,introduction and background,social parasitism},
number = {1},
pages = {1--9},
title = {{Tag-Mediated Altruism is Contingent on How Cheaters Are Defined}},
volume = {16},
year = {2013}
}
@article{Shutters2015,
author = {Shutters, Shade T. and Hales, David},
journal = {Journal of Artificial Societies and Social Simulation},
keywords = {altruism,background,cooperation,evolution,introduction,social harmonics,tags,thresholds},
number = {3},
pages = {2--11},
title = {{Altruism Displays a Harmonic Signature in Structured Societies}},
volume = {18},
year = {2015}
}
@article{Bond2012,
archivePrefix = {arXiv},
arxivId = {NIHMS150003},
author = {Bond, Robert M. and Fariss, Christopher J. and Jones, Jason J. and Kramer, Adam D. I. and Marlow, Cameron and Settle, Jaime E. and Fowler, James H.},
doi = {10.1038/nature11421},
eprint = {NIHMS150003},
isbn = {00280836},
issn = {0028-0836},
journal = {Nature},
number = {7415},
pages = {295--298},
pmid = {22972300},
publisher = {Nature Publishing Group},
title = {{A 61-million-person experiment in social influence and political mobilization}},
volume = {489},
year = {2012}
}
@article{Watts1998,
author = {Watts, Duncan J. and Strogatz, Steven H.},
doi = {10.1038/30918},
journal = {Nature},
number = {June},
pages = {440--442},
title = {{Collective dynamics of small-world networks}},
volume = {393},
year = {1998}
}
@misc{Shakespeare,
author = {Shakespeare, William},
title = {{The Merchant of Venice}},
url = {http://shakespeare.mit.edu/merchant/merchant.5.1.html},
urldate = {2016-06-05},
year = {1605}
}
@article{Abbot2013,
author = {Abbot, Patrick and Abe, Jun and Alcock, John and Alizon, Samuel and Alpedrinha, Joao AC and Andersson, Malte and Andre, Jean-Baptiste and Van Baalen, Minus and Balloux, Francois and Balshine, Sigal and others},
doi = {10.1038/nature09831},
journal = {Nature},
number = {7339},
title = {{Inclusive fitness theory and eusociality}},
volume = {471},
year = {2011}
}
@article{Heschl1994,
author = {Wilson, David Sloan and Sober, Elliott},
doi = {10.1017/S0140525X00036293},
journal = {Behavioral and Brain Sciences},
number = {4},
pages = {585--654},
title = {{Reintroducing group selection to the human behavior sciences}},
volume = {17},
year = {1994}
}
@inproceedings{Kearns2001,
author = {Kearns, Michael and Littman, Michael L. and Singh, Satinder},
booktitle = {Proceedings of the 17th Conference on Uncertainty in Artificial Intelligence},
title = {{Graphical Models for Game Theory}},
year = {2001}
}
@article{Nowak1998,
author = {Nowak, Martin A. and Sigmund, Karl},
doi = {Doi 10.1038/31225},
journal = {Nature},
number = {6685},
pages = {573--577},
title = {{Evolution of indirect reciprocity by image scoring.}},
volume = {393},
year = {1998}
}
@article{Peleteiro2014,
author = {Peleteiro, Ana and Burguillo, Juan C and Chong, Siang Yew},
journal = {AAMAS},
pages = {669--676},
title = {{Exploring Indirect Reciprocity in Complex Networks using Coalitions and Rewiring}},
year = {2014}
}
@article{Nowak2006a,
author = {Nowak, Martin A.},
doi = {10.1126/science.1133755},
isbn = {doi:10.1126/science.1133755},
journal = {Science},
number = {5805},
pages = {1560--1563},
title = {{Five rules for the evolution of cooperation.}},
volume = {314},
year = {2006}
}
@article{Hamilton1964,
author = {Hamilton, William},
doi = {10.1016/0022-5193(64)90038-4},
journal = {Journal of Theoretical Biology},
number = {1},
pages = {1--16},
title = {{The Genetical Evolution of Social Behaviour. I}},
volume = {7},
year = {1964}
}
@article{Hamilton1964_2,
author = {Hamilton, William},
journal = {Journal of Theoretical Biology},
pages = {17--52},
title = {{The Genetical Evolution of Social Behaviour. II}},
volume = {7 (1)},
year = {1964}
}
@InCollection{samir2009,
author = {Okasha, Samir},
title = {Biological Altruism},
booktitle = {The Stanford Encyclopedia of Philosophy},
editor = {Edward N. Zalta},
howpublished = {https://plato.stanford.edu/archives/fall2013/entries/altruism-biological/},
year = {2013},
edition = {Fall 2013},
publisher = {Metaphysics Research Lab, Stanford University}
}
@article{Santos2008,
author = {Santos, Francisco C and Santos, Marta D and Pacheco, Jorge M},
doi = {10.1038/nature06940},
journal = {Nature},
number = {7201},
pages = {213--216},
title = {{Social diversity promotes the emergence of cooperation in public goods games}},
volume = {454},
year = {2008}
}
@article{Axelrod1981,
author = {Axelrod, Robert and Hamilton, William D.},
journal = {Science},
number = {4489},
pages = {1390--1396},
title = {{The Evolution of Cooperation}},
volume = {211},
year = {1981}
}
@article{Fehr2000,
author = {Fehr, Ernst and G{\"{a}}chter, Simon},
doi = {10.1257/jep.14.3.159},
journal = {Journal of Economic Perspectives},
number = {3},
pages = {159--182},
title = {{Fairness and Retaliation: The Economics of Reciprocity}},
volume = {14},
year = {2000}
}
@article{Fehr2002,
author = {Fehr, Ernst and G{\"{a}}chter, Simon},
doi = {10.1038/415137a},
journal = {Nature},
number = {6868},
pages = {137--140},
title = {{Altruistic punishment in humans}},
volume = {415},
year = {2002}
}
@article{Shalizi2011,
author = {Shalizi, C. R. and Thomas, A. C.},
doi = {10.1177/0049124111404820},
journal = {Sociological Methods {\&} Research},
number = {2},
pages = {211--239},
title = {{Homophily and Contagion Are Generically Confounded in Observational Social Network Studies}},
volume = {40},
year = {2011}
}
@article{barabasi1999,
author = {Barab{\'{a}}si, Albert-L{\'{a}}szl{\'{o}} and Albert, R{\'{e}}ka},
doi = {10.1126/science.286.5439.509},
journal = {Science},
number = {5439},
pages = {509--512},
title = {{Emergence of Scaling in Random Networks}},
volume = {286},
year = {1999}
}
@article{Boyd2003,
author = {Boyd, Robert and Gintis, Herbert and Bowles, Samuel and Richerson, Peter J},
doi = {10.1073/pnas.0630443100},
journal = {Proceedings of the National Academy of Sciences of the United States of America},
number = {6},
pages = {3531--3535},
title = {{The evolution of altruistic punishment.}},
volume = {100},
year = {2003}
}
